<?xml version="1.0" encoding="UTF-8"?>
<record xmlns="http://www.loc.gov/MARC21/slim" xmlns:xsi="http://www.w3.org/2001/XMLSchema-instance" xsi:schemaLocation="http://www.loc.gov/MARC21/slim http://www.loc.gov/standards/marcxml/schema/MARC21slim.xsd">
<leader>     cam a2200277 a 4500</leader>
<controlfield tag="001">002177818</controlfield>
<controlfield tag="003">NNU</controlfield>
<controlfield tag="005">20061010172315.0</controlfield>
<controlfield tag="008">930617s1935    ti            000 0 ara d</controlfield>
<datafield tag="035" ind1="9" ind2=" ">
<subfield code="a">NYUb11210207</subfield>
</datafield>
<datafield tag="035" ind1=" " ind2=" ">
<subfield code="a">(CStRLIN)NYUG93-B28935</subfield>
</datafield>
<datafield tag="040" ind1=" " ind2=" ">
<subfield code="a">NNU</subfield>
<subfield code="c">NNU</subfield>
</datafield>
<datafield tag="066" ind1=" " ind2=" ">
<subfield code="c">(3</subfield>
</datafield>
<datafield tag="090" ind1=" " ind2=" ">
<subfield code="a">BP183.7.B3</subfield>
<subfield code="b">I2435 1935</subfield>
</datafield>
<datafield tag="100" ind1="1" ind2=" ">
<subfield code="6">880-01</subfield>
<subfield code="a">Mārghinī, Ibrāhīm ibn Aḥmad,</subfield>
<subfield code="d">1930 or 31.</subfield>
</datafield>
<datafield tag="240" ind1="1" ind2="0">
<subfield code="a">Nujūm al-ṭiwāl</subfield>
</datafield>
<datafield tag="245" ind1="1" ind2="3">
<subfield code="6">880-02</subfield>
<subfield code="a">al-Nujūm al-ṭawāliʻ ʻalá al-Durar al-lawāmiʻ fī aṣl maqraʼ al-imām Nāfiʻ /</subfield>
<subfield code="c">sharḥ ... Ibrāhīm al-Mārghinī ... Abī al-Ḥasan ʻAlī al-Ribāṭī al-maʻrūf bi-Ibn Barrī. Wa-bi-hāmishihi Risālah rāʼiqah laṭīfah fī aḥad mabāḥith al-basmalah al-sharīfah tusammá al-Qawl al-ajlá fī kawn al-basmalah min al-Qurʼān awwalan li-muʼallif al-sharḥ al-madhkūr ...</subfield>
</datafield>
<datafield tag="260" ind1=" " ind2=" ">
<subfield code="6">880-03</subfield>
<subfield code="a">Tūnis :</subfield>
<subfield code="b">Maṭbaʻah al-Tūnisīyah, 1935.</subfield>
</datafield>
<datafield tag="300" ind1=" " ind2=" ">
<subfield code="a">230 p. ;</subfield>
<subfield code="c">25 cm.</subfield>
</datafield>
<datafield tag="600" ind1="1" ind2="0">
<subfield code="a">Ibn Barrī, ʻAlī ibn Muḥammad,</subfield>
<subfield code="d">ca. 1261-ca. 1330.</subfield>
<subfield code="t">Durar al-lawāmiʻ fī aṣl maqraʼ al-imām Nāfiʻ.</subfield>
</datafield>
<datafield tag="650" ind1=" " ind2="0">
<subfield code="a">Basmalah.</subfield>
</datafield>
<datafield tag="700" ind1="1" ind2="2">
<subfield code="6">880-04</subfield>
<subfield code="a">Mārghinī, Ibrāhīm ibn Aḥmad,</subfield>
<subfield code="d">d. 1930 or 1931.</subfield>
<subfield code="t">Qawl al-ajlá fī kawn al-basmalah min al-Qurʼān al-aʻlá.</subfield>
</datafield>
<datafield tag="880" ind1="0" ind2=" ">
<subfield code="6">100-01/</subfield>
<subfield code="a">ابراهيم المارغني.</subfield>
</datafield>
<datafield tag="880" ind1="1" ind2="2">
<subfield code="6">245-02/</subfield>
<subfield code="a">النجوم الطوالع على الدرر اللوامع في اصل مقرا الامام نافع /</subfield>
<subfield code="c">شرح ... ابراهيم المارغني ... ابي الحسن علي الرباطي المعروف بابن بري. وبهامشه رسالة رائقة لطيفة في احد مباحث البسملة الشريفة تسمى القول الاجلى في كون البسملة من القرآن اولا لموءلف الشرح المذكور ...ا</subfield>
</datafield>
<datafield tag="880" ind1=" " ind2=" ">
<subfield code="6">260-03/</subfield>
<subfield code="a">تونس :</subfield>
<subfield code="b">مطبعة التونسية، ١٩٣٥.</subfield>
</datafield>
<datafield tag="880" ind1="0" ind2="2">
<subfield code="6">700-04/</subfield>
<subfield code="a">ابراهيم ابن احمد المارغني.</subfield>
<subfield code="t">قول الاجلى في كون البسملة من القرآن الاعلى.</subfield>
</datafield>
<datafield tag="OWN" ind1=" " ind2=" ">
<subfield code="a">GENERAL</subfield>
</datafield>
<datafield tag="998" ind1=" " ind2=" ">
<subfield code="a">19940922</subfield>
<subfield code="d">19930617</subfield>
<subfield code="d">19940922</subfield>
<subfield code="n">NNU</subfield>
<subfield code="s">1</subfield>
<subfield code="t">c</subfield>
<subfield code="z">p</subfield>
</datafield>
<datafield tag="AVA" ind1=" " ind2=" ">
<subfield code="a">NYU50</subfield>
<subfield code="b">BOBST</subfield>
<subfield code="c">Main Collection</subfield>
<subfield code="d">BP183.7.B3 I2435 1935</subfield>
<subfield code="e">unavailable</subfield>
<subfield code="t">Unavailable</subfield>
<subfield code="f">1</subfield>
<subfield code="g">1</subfield>
<subfield code="h">N</subfield>
<subfield code="i">0</subfield>
<subfield code="j">MAIN</subfield>
<subfield code="k">0</subfield>
</datafield>
</record>
